<?xml version="1.0"?>
<collection xmlns="http://www.loc.gov/MARC21/slim">
  <record>
    <leader>01682nam a2200361 a 4500</leader>
    <controlfield tag="001">cihm_28907</controlfield>
    <controlfield tag="003">CaSfIA</controlfield>
    <controlfield tag="005">20160212080722.0</controlfield>
    <controlfield tag="007">cr||||||||||||</controlfield>
    <controlfield tag="008">831124s1889    onc     b     000 0 eng d</controlfield>
    <datafield tag="020" ind1=" " ind2=" ">
      <subfield code="a">0665289073</subfield>
    </datafield>
    <datafield tag="035" ind1=" " ind2=" ">
      <subfield code="a">ocn317910160</subfield>
    </datafield>
    <datafield tag="040" ind1=" " ind2=" ">
      <subfield code="a">CaOOCIHM</subfield>
      <subfield code="b">eng</subfield>
      <subfield code="d">AEU</subfield>
      <subfield code="d">CaSfIA</subfield>
    </datafield>
    <datafield tag="043" ind1=" " ind2=" ">
      <subfield code="a">n-cn-on</subfield>
    </datafield>
    <datafield tag="082" ind1="0" ind2=" ">
      <subfield code="a">378.105009713</subfield>
      <subfield code="2">19</subfield>
    </datafield>
    <datafield tag="090" ind1=" " ind2=" ">
      <subfield code="a">FC 02 0203 no. 28907</subfield>
      <subfield code="b">AEU</subfield>
    </datafield>
    <datafield tag="100" ind1="1" ind2=" ">
      <subfield code="a">Mulock, William,</subfield>
      <subfield code="c">Sir,</subfield>
      <subfield code="d">1844-1944</subfield>
    </datafield>
    <datafield tag="245" ind1="1" ind2="0">
      <subfield code="a">Address of William Mulock, M.A., M.P., vice-chancellor of the University of Toronto, at the annual commencement, June 7th, 1889</subfield>
      <subfield code="h">[electronic resource] </subfield>
    </datafield>
    <datafield tag="260" ind1=" " ind2=" ">
      <subfield code="a">Toronto :</subfield>
      <subfield code="b">T. Hill,</subfield>
      <subfield code="c">1889.</subfield>
    </datafield>
    <datafield tag="300" ind1=" " ind2=" ">
      <subfield code="a">1 microfiche (11 fr.).</subfield>
    </datafield>
    <datafield tag="490" ind1="1" ind2=" ">
      <subfield code="a">CIHM/ICMH Microfiche series = CIHM/ICMH collection de microfiches ;</subfield>
      <subfield code="v">no. 28907</subfield>
    </datafield>
    <datafield tag="533" ind1=" " ind2=" ">
      <subfield code="a">Filmed from a copy of the original publication held by the University of Toronto Archives.</subfield>
      <subfield code="b">Ottawa :</subfield>
      <subfield code="c">Canadian Institute for Historical Microreproductions,</subfield>
      <subfield code="d">1982.</subfield>
    </datafield>
    <datafield tag="534" ind1=" " ind2=" ">
      <subfield code="e">15 p.</subfield>
    </datafield>
    <datafield tag="596" ind1=" " ind2=" ">
      <subfield code="a">43</subfield>
    </datafield>
    <datafield tag="600" ind1="1" ind2="0">
      <subfield code="a">Grant, George M.</subfield>
      <subfield code="q">(George Monro),</subfield>
      <subfield code="d">1835-1902</subfield>
      <subfield code="x">Addresses, essays, lectures.</subfield>
    </datafield>
    <datafield tag="600" ind1="1" ind2="6">
      <subfield code="a">Grant, George M.</subfield>
      <subfield code="q">(George Monro),</subfield>
      <subfield code="d">1835-1902</subfield>
      <subfield code="x">Discours, essais, conf&#xC3;&#xA9; rence</subfield>
    </datafield>
    <!-- No separator at end of field length=83 -->
    <!-- Bad indicator data. Skipping 2 bytes -->
    <datafield tag="610" ind1="2" ind2="0">
      <subfield code="a">University of Toronto</subfield>
      <subfield code="x">Admission</subfield>
      <subfield code="x">Addresses, essays, lectures.</subfield>
    </datafield>
    <!-- Bad indicator data. Skipping 2 bytes -->
    <datafield tag="610" ind1="2" ind2="6">
      <subfield code="a">University of Toronto</subfield>
      <subfield code="x">Admission</subfield>
      <subfield code="x">Discours, essais, conf&#xC3;&#xA9;rence</subfield>
    </datafield>
    <!-- No separator at end of field length=70 -->
    <datafield tag="650" ind1="e" ind2="s">
  </datafield>
    <!-- Separator but not at end of field length=92 -->
    <datafield tag="650" ind1="e" ind2="s">
  </datafield>
    <!-- Separator but not at end of field length=84 -->
    <datafield tag="830" ind1="r" ind2="e">
      <subfield code="c">es.</subfield>
    </datafield>
    <!-- Separator but not at end of field length=45 -->
    <datafield tag="856" ind1="4" ind2="1">
      <subfield code="u">http://archive.org/details/cihm_28907</subfield>
      <subfield code="z">Free eBook from the Internet Archive</subfield>
    </datafield>
    <!-- Separator but not at end of field length=22 -->
    <datafield tag="016" ind1="I" ind2="H">
      <subfield code="M">PRE</subfield>
    </datafield>
    <!-- Separator but not at end of field length=15 -->
    <!-- Separator but not at end of field length=58 -->
  </record>
</collection>
